<record><leader>00000cas a2200000 a 4500</leader><controlfield tag="001">10536597</controlfield><controlfield tag="008">840319c19419999txuwr ne      0   a0eng c</controlfield><datafield ind1=" " ind2=" " tag="010"><subfield code="a">sn 84024121 </subfield></datafield><datafield ind1=" " ind2=" " tag="040"><subfield code="a">NPV</subfield><subfield code="b">eng</subfield><subfield code="c">NPV</subfield><subfield code="d">DLC</subfield><subfield code="d">PPM</subfield><subfield code="d">MFN</subfield><subfield code="d">YOX</subfield><subfield code="d">PPM</subfield><subfield code="d">OCL</subfield><subfield code="d">PPM</subfield><subfield code="d">CNK</subfield><subfield code="d">NVK</subfield><subfield code="d">DLC</subfield><subfield code="d">NSD</subfield><subfield code="d">CVF</subfield><subfield code="d">OCL</subfield><subfield code="d">OCLCQ</subfield><subfield code="d">OCLCF</subfield><subfield code="d">OCLCO</subfield></datafield><datafield ind1=" " ind2=" " tag="012"><subfield code="j">0</subfield><subfield code="l">1</subfield></datafield><datafield ind1=" " ind2=" " tag="019"><subfield code="a">16530625</subfield></datafield><datafield ind1="0" ind2=" " tag="022"><subfield code="a">1523-4975</subfield><subfield code="l">1523-4975</subfield><subfield code="2">1</subfield></datafield><datafield ind1="1" ind2=" " tag="029"><subfield code="a">AU@</subfield><subfield code="b">000020333313</subfield></datafield><datafield ind1=" " ind2=" " tag="037"><subfield code="b">Equal Access Media, Inc., P.O. Box 3086, Houston, TX 77253-3086</subfield></datafield><datafield ind1=" " ind2=" " tag="042"><subfield code="a">nsdp</subfield><subfield code="a">pcc</subfield></datafield><datafield ind1="1" ind2="0" tag="082"><subfield code="a">071</subfield><subfield code="2">13</subfield></datafield><datafield ind1="0" ind2=" " tag="130"><subfield code="a">Informer &amp; Texas freeman (Houston, Tex. : 1941)</subfield></datafield><datafield ind1="0" ind2=" " tag="210"><subfield code="a">Inf. Tex. freeman</subfield><subfield code="b">(1941)</subfield></datafield><datafield ind1=" " ind2="4" tag="222"><subfield code="a">The informer &amp; Texas freeman</subfield><subfield code="b">(1941)</subfield></datafield><datafield ind1="0" ind2="4" tag="245"><subfield code="a">The informer and Texas freeman.</subfield></datafield><datafield ind1="0" ind2="3" tag="246"><subfield code="a">Informer</subfield></datafield><datafield ind1=" " ind2=" " tag="260"><subfield code="a">Houston, Tex. :</subfield><subfield code="b">[s.n.],</subfield><subfield code="c">1941-</subfield></datafield><datafield ind1=" " ind2=" " tag="300"><subfield code="a">v.</subfield></datafield><datafield ind1=" " ind2=" " tag="310"><subfield code="a">Weekly</subfield></datafield><datafield ind1="0" ind2=" " tag="362"><subfield code="a">Vol. 47, no. 30 (June 14, 1941)-</subfield></datafield><datafield ind1=" " ind2=" " tag="530"><subfield code="a">Also available on microfilm from Micro Photo Div., Bell &amp; Howell Co.</subfield></datafield><datafield ind1=" " ind2=" " tag="500"><subfield code="a">Published by: Equal Access Media, Inc., 1998-</subfield></datafield><datafield ind1=" " ind2="0" tag="650"><subfield code="a">African Americans</subfield><subfield code="z">Texas</subfield><subfield code="v">Newspapers.</subfield></datafield><datafield ind1=" " ind2="0" tag="651"><subfield code="a">Houston (Tex.)</subfield><subfield code="v">Newspapers.</subfield></datafield><datafield ind1=" " ind2="0" tag="651"><subfield code="a">Harris County (Tex.)</subfield><subfield code="v">Newspapers.</subfield></datafield><datafield ind1=" " ind2="7" tag="655"><subfield code="a">Newspapers.</subfield><subfield code="2">fast</subfield><subfield code="0">(OCoLC)fst01423814</subfield></datafield><datafield ind1=" " ind2="7" tag="650"><subfield code="a">African Americans.</subfield><subfield code="2">fast</subfield><subfield code="0">(OCoLC)fst00799558</subfield></datafield><datafield ind1=" " ind2="7" tag="651"><subfield code="a">Texas.</subfield><subfield code="2">fast</subfield><subfield code="0">(OCoLC)fst01210336</subfield></datafield><datafield ind1=" " ind2="7" tag="651"><subfield code="a">Texas</subfield><subfield code="z">Harris County.</subfield><subfield code="2">fast</subfield><subfield code="0">(OCoLC)fst01213346</subfield></datafield><datafield ind1=" " ind2="7" tag="651"><subfield code="a">Texas</subfield><subfield code="z">Houston.</subfield><subfield code="2">fast</subfield><subfield code="0">(OCoLC)fst01205077</subfield></datafield><datafield ind1=" " ind2=" " tag="752"><subfield code="a">United States</subfield><subfield code="b">Texas</subfield><subfield code="c">Harris</subfield><subfield code="d">Houston.</subfield></datafield><datafield ind1="0" ind2=" " tag="775"><subfield code="t">Houston Informer (Houston, Tex. :  1947)</subfield><subfield code="w">(DLC)sn 86089611</subfield></datafield><datafield ind1="0" ind2="0" tag="780"><subfield code="t">Informer (Houston, Tex.)</subfield><subfield code="w">(DLC)sn 84024122</subfield></datafield><datafield ind1=" " ind2=" " tag="936"><subfield code="a">Vol. 105, no. 24 (June 18, 1998) LIC</subfield></datafield></record>